@incollection{ohtsubo2017semiconductor,
  title={Semiconductor lasers and theory},
  author={Ohtsubo, Junji},
  booktitle={Semiconductor Lasers: Stability, Instability and Chaos},
  pages={33--82},
  year={2017},
  publisher={Springer}
}